@misc{stam,
    author =       "Jos Stam",
    title =        "{Real-Time Fluid Dynamics for Games}",
    year =         "2003",
    howpublished = "\url{https://damassets.autodesk.net/content/dam/autodesk/www/autodesk-reasearch/Publications/pdf/realtime-fluid-dynamics-for.pdf}"
}